<?xml version="1.0" encoding="UTF-8"?><collection xmlns="http://www.loc.gov/MARC21/slim"><record><leader>00482nam--2200181-u-4500</leader><controlfield tag="001">000053805</controlfield><controlfield tag="002">20161230</controlfield><controlfield tag="005">20161230201051</controlfield><controlfield tag="008">110622s1000------------r-----000-0-rus-d</controlfield><datafield ind1=" " ind2=" " tag="040"><subfield code="a">IFIN-HH</subfield></datafield><datafield ind1=" " ind2=" " tag="041"><subfield code="a">rus</subfield></datafield><datafield ind1=" " ind2=" " tag="080"><subfield code="a">538.911:548</subfield></datafield><datafield ind1="1" ind2=" " tag="100"><subfield code="a">Pines, B.Ia</subfield></datafield><datafield ind1="1" ind2="0" tag="245"><subfield code="a">Lektii po strukturnomu analizu</subfield><subfield code="b">30e pererabotannoe izdanie</subfield><subfield code="c">B.ia. pines</subfield></datafield><datafield ind1=" " ind2=" " tag="260"><subfield code="a">Harkov</subfield><subfield code="b">Harkovskogo Universiteta</subfield><subfield code="c">1967</subfield></datafield><datafield ind1=" " ind2=" " tag="300"><subfield code="a">476P</subfield></datafield><datafield ind1=" " ind2=" " tag="852"><subfield code="a">45732</subfield><subfield code="c">537:538</subfield></datafield><datafield ind1=" " ind2=" " tag="CAT"><subfield code="a">Sys</subfield><subfield code="c">20110622</subfield><subfield code="h">111104</subfield></datafield></record></collection>